<record><leader>00000cas a2200000 a 4500</leader><controlfield tag="001">35979380</controlfield><controlfield tag="008">961121d19911994cauwr ne      0    0eng c</controlfield><datafield ind1=" " ind2=" " tag="010"><subfield code="a">sn 96061188 </subfield></datafield><datafield ind1=" " ind2=" " tag="040"><subfield code="a">CNK</subfield><subfield code="b">eng</subfield><subfield code="c">CNK</subfield><subfield code="d">OCLCQ</subfield><subfield code="d">CNK</subfield><subfield code="d">OCLCQ</subfield><subfield code="d">OCLCF</subfield><subfield code="d">OCLCO</subfield></datafield><datafield ind1="1" ind2=" " tag="029"><subfield code="a">AU@</subfield><subfield code="b">000012971641</subfield></datafield><datafield ind1=" " ind2=" " tag="042"><subfield code="a">pcc</subfield></datafield><datafield ind1=" " ind2=" " tag="043"><subfield code="a">n-us-ca</subfield></datafield><datafield ind1="0" ind2=" " tag="130"><subfield code="a">Millbrae sun (Burlingame, Calif.)</subfield></datafield><datafield ind1="1" ind2="0" tag="245"><subfield code="a">Millbrae sun.</subfield></datafield><datafield ind1=" " ind2=" " tag="260"><subfield code="a">Burlingame, CA :</subfield><subfield code="b">Fuchs Publications</subfield></datafield><datafield ind1=" " ind2=" " tag="300"><subfield code="a">v.</subfield></datafield><datafield ind1=" " ind2=" " tag="310"><subfield code="a">Weekly</subfield></datafield><datafield ind1="0" ind2=" " tag="362"><subfield code="a">56th year, no. 50 (Oct. 2, 1991)-60th year, no. 8 (Jan. 19, 1994).</subfield></datafield><datafield ind1=" " ind2=" " tag="530"><subfield code="a">Master negatives are available for duplication from:</subfield><subfield code="b">California Newspaper Microfilm Archive;</subfield><subfield code="c">positive copies may be purchased by the reel; for further information consult the CNMA at:</subfield><subfield code="u">http://cbsr.ucr.edu</subfield></datafield><datafield ind1=" " ind2="0" tag="651"><subfield code="a">Millbrae (Calif.)</subfield><subfield code="v">Newspapers.</subfield></datafield><datafield ind1=" " ind2="7" tag="655"><subfield code="a">Newspapers.</subfield><subfield code="2">fast</subfield><subfield code="0">(OCoLC)fst01423814</subfield></datafield><datafield ind1=" " ind2="7" tag="651"><subfield code="a">California</subfield><subfield code="z">Millbrae.</subfield><subfield code="2">fast</subfield><subfield code="0">(OCoLC)fst01214292</subfield></datafield><datafield ind1=" " ind2=" " tag="752"><subfield code="a">United States</subfield><subfield code="b">California</subfield><subfield code="c">San Mateo</subfield><subfield code="d">Burlingame.</subfield></datafield><datafield ind1="0" ind2="0" tag="780"><subfield code="t">Millbrae sun and Millbrae leader (Millbrae, Calif. : 1983)</subfield><subfield code="w">(DLC)sn 96061187</subfield></datafield><datafield ind1="0" ind2="0" tag="785"><subfield code="t">Millbrae San Bruno sun</subfield><subfield code="w">(DLC)sn 96061189</subfield></datafield></record>